<record><leader>00000cas a22000007a 4500</leader><controlfield tag="001">20396150</controlfield><controlfield tag="008">890926c19759999caudr ne      0   a0eng d</controlfield><datafield ind1=" " ind2=" " tag="010"><subfield code="a">sn 93051455 </subfield></datafield><datafield ind1=" " ind2=" " tag="040"><subfield code="a">CSP</subfield><subfield code="b">eng</subfield><subfield code="c">CSP</subfield><subfield code="d">CNK</subfield><subfield code="d">OCLCQ</subfield></datafield><datafield ind1=" " ind2=" " tag="042"><subfield code="a">msc</subfield></datafield><datafield ind1=" " ind2=" " tag="043"><subfield code="a">n-us-ca</subfield></datafield><datafield ind1="0" ind2="0" tag="245"><subfield code="a">Record searchlight.</subfield></datafield><datafield ind1=" " ind2=" " tag="260"><subfield code="a">Redding, Calif. :</subfield><subfield code="b">Redding Record</subfield></datafield><datafield ind1=" " ind2=" " tag="300"><subfield code="a">v.</subfield></datafield><datafield ind1=" " ind2=" " tag="310"><subfield code="a">Daily</subfield></datafield><datafield ind1="0" ind2=" " tag="362"><subfield code="a">Vol. 124, no. 52 (May 12, 1975)-</subfield></datafield><datafield ind1=" " ind2=" " tag="530"><subfield code="a">Also issued on the internet, called: redding.com.</subfield></datafield><datafield ind1=" " ind2="4" tag="651"><subfield code="a">Redding (Calif.)</subfield><subfield code="v">Newspapers.</subfield></datafield><datafield ind1="0" ind2=" " tag="740"><subfield code="a">Redding.com.</subfield></datafield><datafield ind1=" " ind2=" " tag="752"><subfield code="a">United States</subfield><subfield code="b">California</subfield><subfield code="c">Shasta</subfield><subfield code="d">Redding.</subfield></datafield><datafield ind1="4" ind2="1" tag="856"><subfield code="z">Online version:</subfield><subfield code="u">http://www.redding.com/</subfield></datafield><datafield ind1="1" ind2=" " tag="029"><subfield code="a">AU@</subfield><subfield code="b">000020753820</subfield></datafield></record>